@Article{poterba:2007,
  author  = {James Poterba and Joshua Rauh and Steven Venti and David Wise},
  doi     = {10.1016/j.jpubeco.2007.08.004},
  journal = {Journal of Public Economics},
  number  = {10},
  pages   = {2062--2086},
  title   = {Defined contribution plans, defined benefit plans, and the accumulation of retirement wealth},
  volume  = {91},
  year    = {2007},
  file    = {Defined contribution plans, defined benefit plans, and the accumulation of retirement wealth:Poterba, Rauh, Venti & Wise (2007).pdf:PDF},
}

@Article{eling:2007,
  author    = {Martin Eling and Hato Schmeiser and Joan T. Schmit},
  doi       = {10.1111/j.1540-6296.2007.00106.x},
  journal   = {Risk Management \& Insurance Review},
  number    = {1},
  pages     = {69--85},
  title     = {The {Solvency II} process: Overview and critical analysis},
  volume    = {10},
  year      = {2007},
  month     = {mar},
  file      = {The Solvency II process\: Overview and critical analysis:Eling, Schmeiser & Schmit (2007).pdf:PDF},
  publisher = {Wiley},
}

@Article{mccarthy:2021,
  author  = {Mary McCarthy and Elisabeta Pana and Andrew Weinberger},
  doi     = {10.1007/s12197-020-09537-1},
  journal = {Journal of Economics and Finance},
  number  = {3},
  pages   = {451--468},
  title   = {The role of institutional investors in pension risk transfers},
  volume  = {45},
  year    = {2021},
  file    = {The role of institutional investors in pension risk transfers:McCarthy, Pana & Weinberger (2021).pdf:PDF},
}

@Comment{jabref-meta: databaseType:bibtex;}
